<?xml version="1.0" encoding="UTF-8"?><record xmlns="http://www.loc.gov/MARC21/slim" xmlns:cinclude="http://apache.org/cocoon/include/1.0" xmlns:zs="http://www.loc.gov/zing/srw/">
  <leader>00913nz  a2200217n  4500</leader>
  <controlfield tag="001">nb2015010037</controlfield>
  <controlfield tag="003">DLC</controlfield>
  <controlfield tag="005">20150529050907.0</controlfield>
  <controlfield tag="008">150528n| azannaabn          |n ana      </controlfield>
  <datafield tag="010" ind1=" " ind2=" ">
    <subfield code="a">nb2015010037</subfield>
  </datafield>
  <datafield tag="035" ind1=" " ind2=" ">
    <subfield code="a">(Uk)009345130</subfield>
  </datafield>
  <datafield tag="040" ind1=" " ind2=" ">
    <subfield code="a">Uk</subfield>
    <subfield code="b">eng</subfield>
    <subfield code="e">rda</subfield>
    <subfield code="c">Uk</subfield>
  </datafield>
  <datafield tag="046" ind1=" " ind2=" ">
    <subfield code="s">1977</subfield>
    <subfield code="2">edtf</subfield>
  </datafield>
  <datafield tag="110" ind1="2" ind2=" ">
    <subfield code="a">Glendale Local History Society</subfield>
  </datafield>
  <datafield tag="368" ind1=" " ind2=" ">
    <subfield code="a">Societies</subfield>
    <subfield code="2">lcsh</subfield>
  </datafield>
  <datafield tag="370" ind1=" " ind2=" ">
    <subfield code="c">Great Britain</subfield>
    <subfield code="c">Scotland</subfield>
    <subfield code="f">Northumberland (England)</subfield>
    <subfield code="f">Scottish Borders (Scotland)</subfield>
    <subfield code="2">naf</subfield>
  </datafield>
  <datafield tag="372" ind1=" " ind2=" ">
    <subfield code="a">Local history</subfield>
    <subfield code="2">lcsh</subfield>
  </datafield>
  <datafield tag="377" ind1=" " ind2=" ">
    <subfield code="a">eng</subfield>
  </datafield>
  <datafield tag="670" ind1=" " ind2=" ">
    <subfield code="a">Wooler at war 1939-1945, 1996:</subfield>
    <subfield code="b">text (Glendale Local History Society)</subfield>
  </datafield>
  <datafield tag="670" ind1=" " ind2=" ">
    <subfield code="a">Bondagers, 2008:</subfield>
    <subfield code="b">t.p. verso (Glendale Local History Society)</subfield>
  </datafield>
  <datafield tag="670" ind1=" " ind2=" ">
    <subfield code="a">Its website, viewed 28 May 2015:</subfield>
    <subfield code="b">home page (Glendale Local History Society; founded in 1977; the aim of the Society is to promote and encourage the study and recording of local history in Northumberland and the Scottish Borders)</subfield>
  </datafield>
</record>